@book{latex,
  title = {LaTeX : A Documentation Preparation System User's Guide and Reference Manual},
  publisher = {Addison-Wesley Professional},
  year = {1994},
  author = {Leslie Lamport}
}

@inproceedings{yen2020inerf,
  title={{iNeRF}: Inverting Neural Radiance Fields for Pose Estimation},
  author={Lin Yen-Chen and Pete Florence and Jonathan T. Barron and Alberto Rodriguez and Phillip Isola and Tsung-Yi Lin},
  booktitle={IEEE/RSJ International Conference on Intelligent Robots and Systems ({IROS})},
  year={2021}
}

@misc{fehrentz2024intraoperative,
  title={Intraoperative Registration by Cross-Modal Inverse Neural Rendering},
  author={Maximilian Fehrentz and Mohammad Farid Azampour and Reuben Dorent and Hassan Rasheed and Colin Galvin and Alexandra Golby and William M. Wells and Sarah Frisken and Nassir Navab and Nazim Haouchine},
  year={2024},
  eprint={2409.11983},
  archivePrefix={arXiv},
  primaryClass={cs.CV},
  url={https://arxiv.org/abs/2409.11983}
}

@article{mildenhall2020nerf,
  title={NeRF: Representing Scenes as Neural Radiance Fields for View Synthesis},
  author={Ben Mildenhall and Pratul P. Srinivasan and Matthew Tancik and Jonathan T. Barron and Ravi Ramamoorthi and Ren Ng},
  journal={ECCV},
  year={2020}
}

@article{navab2015surgical,
  title={Surgical navigation systems and techniques},
  author={Navab, Nassir and Bloch, Christoph and Wang, Lejing},
  journal={Medical Image Computing and Computer-Assisted Intervention},
  year={2015}
}

@article{muller2022instant,
  title={Instant Neural Graphics Primitives with a Multiresolution Hash Encoding},
  author={Thomas Müller and Alex Evans and Christoph Schied and Alexander Keller},
  journal={ACM Transactions on Graphics},
  volume={41},
  number={4},
  pages={1--15},
  year={2022}
}

@article{nccreg,
  title={Normalized Cross Correlation for Registration},
  author={Penney, Graeme P. and Weese, Jürgen and Little, John A. and Desmedt, Paul and Hill, Derek L.G. and Hawkes, David J.},
  journal={Medical Image Computing and Computer-Assisted Intervention},
  pages={1033--1034},
  year={1998}
}

@article{mi2003,
  title={Mutual Information for Medical Image Processing: A Review},
  author={Pluim, J.P.W. and Maintz, J.B.A. and Viergever, M.A.},
  journal={IEEE Transactions on Medical Imaging},
  volume={22},
  number={8},
  pages={986--1004},
  year={2003}
}

@article{wang2023hypernerf,
  title={HyperNeRF: A Higher-Dimensional Representation for Topologically Varying Neural Radiance Fields},
  author={Wang, Wenqi and Xie, Weidi and Chen, Yijie and Wang, Deng and Cheng, Mingfei and Zhang, Matt and Zhou, Bolei},
  journal={ACM Transactions on Graphics},
  volume={42},
  number={1},
  pages={1--13},
  year={2023}
}

