@article{mildenhall2020nerf,
  title={NeRF: Representing Scenes as Neural Radiance Fields for View Synthesis},
  author={Mildenhall, Ben and Srinivasan, Pratul P and Tancik, Matthew and Barron, Jonathan T and Ramamoorthi, Ravi and Ng, Ren},
  journal={Communications of the ACM},
  volume={65},
  number={1},
  pages={99--106},
  year={2022},
  publisher={ACM New York, NY, USA}
}

@inproceedings{yen2021inerf,
  title={iNeRF: Inverting Neural Radiance Fields for Pose Estimation},
  author={Yen-Chen, Lin and Florence, Pete and Barron, Jonathan T and Rodriguez, Alberto and Isola, Phillip and Lin, Tsung-Yi},
  booktitle={IEEE/RSJ International Conference on Intelligent Robots and Systems (IROS)},
  year={2021}
}

@article{wang2021nerfmm,
  title={NeRFmm: Neural Radiance Fields from Multi-view Multi-exposure Images},
  author={Wang, Guandao and Cheng, Chaoyang and Xu, Wenqi and Gao, Tianfan and Snavely, Noah and Pandey, Rishab and Karpur, Ankit},
  journal={arXiv preprint arXiv:2010.02300},
  year={2021}
}

@inproceedings{muller2022instant,
  title={Instant Neural Graphics Primitives with a Multiresolution Hash Encoding},
  author={M{\"u}ller, Thomas and Evans, Alex and Schied, Christoph and Keller, Alexander},
  booktitle={ACM Transactions on Graphics (ToG)},
  volume={41},
  number={4},
  pages={1--15},
  year={2022}
}

@article{tancik2023nerfstudio,
  title={Nerfstudio: A Modular Framework for Neural Radiance Field Development},
  author={Tancik, Matthew and Weber, Ethan and Ng, Evonne and Li, Ruilong and Yi, Brent and Kerr, Justin and Wang, Terrance and Kristoffersen, Alexander and Austin, Jake and Salahi, Kamyar and others},
  journal={arXiv preprint arXiv:2302.04264},
  year={2023}
}

@article{wang2021cross,
  title={Intraoperative Registration by Cross-Modal Inverse Neural Rendering},
  author={Wang, Xingtong and Gu, Zhaoshuo and Luo, Zihao and Shen, Junchi and Pheiffer, Thomas and Navab, Nassir and Unberath, Mathias},
  journal={IEEE Transactions on Medical Imaging},
  volume={40},
  number={12},
  pages={3718--3729},
  year={2021},
  publisher={IEEE}
}

@article{maier2017surgical,
  title={Surgical navigation beyond visualization},
  author={Maier-Hein, Lena and Vedula, S Swaroop and Speidel, Stefanie and Navab, Nassir and Kikinis, Ron and Park, Adrian and Eisenmann, Matthias and Feussner, Hubertus and Forestier, Germain and Giannarou, Stamatia and others},
  journal={Medical image analysis},
  volume={41},
  pages={176--196},
  year={2017},
  publisher={Elsevier}
}

@article{wang2021parallel,
  title={Parallel Inversion of Neural Radiance Fields for Robust Pose Estimation},
  author={Wang, Yunlong and Blum, Hendrik and Niemeyer, Michael and Funk, Christopher and Schilling, Johannes and Menze, Bjoern},
  journal={arXiv preprint arXiv:2111.12077},
  year={2021}
}

@article{gatys2016image,
  title={Image style transfer using convolutional neural networks},
  author={Gatys, Leon A and Ecker, Alexander S and Bethge, Matthias},
  journal={Proceedings of the IEEE conference on computer vision and pattern recognition},
  pages={2414--2423},
  year={2016}
}

@article{wang2004image,
  title={Image quality assessment: from error visibility to structural similarity},
  author={Wang, Zhou and Bovik, Alan C and Sheikh, Hamid R and Simoncelli, Eero P},
  journal={IEEE transactions on image processing},
  volume={13},
  number={4},
  pages={600--612},
  year={2004},
  publisher={IEEE}
} 